@article{Reference1,
	Abstract = {We have developed an enhanced Littrow configuration extended cavity diode laser (ECDL) that can be tuned without changing the direction of the output beam. The output of a conventional Littrow ECDL is reflected from a plane mirror fixed parallel to the tuning diffraction grating. Using a free-space Michelson wavemeter to measure the laser wavelength, we can tune the laser over a range greater than 10 nm without any alteration of alignment.},
	Author = {C. J. Hawthorn and K. P. Weber and R. E. Scholten},
	Journal = {Review of Scientific Instruments},
	Month = {12},
	Number = {12},
	Numpages = {3},
	Pages = {4477--4479},
	Title = {Littrow Configuration Tunable External Cavity Diode Laser with Fixed Direction Output Beam},
	Volume = {72},
	Url = {http://link.aip.org/link/?RSI/72/4477/1},
	Year = {2001}}

@article{Reference3,
	Abstract = {Operating a laser diode in an extended cavity which provides frequency-selective feedback is a very effective method of reducing the laser's linewidth and improving its tunability. We have developed an extremely simple laser of this type, built from inexpensive commercial components with only a few minor modifications. A 780~nm laser built to this design has an output power of 80~mW, a linewidth of 350~kHz, and it has been continuously locked to a Doppler-free rubidium transition for several days.},
	Author = {A. S. Arnold and J. S. Wilson and M. G. Boshier and J. Smith},
	Journal = {Review of Scientific Instruments},
	Month = {3},
	Number = {3},
	Numpages = {4},
	Pages = {1236--1239},
	Title = {A Simple Extended-Cavity Diode Laser},
	Volume = {69},
	Url = {http://link.aip.org/link/?RSI/69/1236/1},
	Year = {1998}}

@article{Reference2,
	Abstract = {We present a review of the use of diode lasers in atomic physics with an extensive list of references. We discuss the relevant characteristics of diode lasers and explain how to purchase and use them. We also review the various techniques that have been used to control and narrow the spectral outputs of diode lasers. Finally we present a number of examples illustrating the use of diode lasers in atomic physics experiments. Review of Scientific Instruments is copyrighted by The American Institute of Physics.},
	Author = {Carl E. Wieman and Leo Hollberg},
	Journal = {Review of Scientific Instruments},
	Keywords = {Diode Laser},
	Month = {1},
	Number = {1},
	Numpages = {20},
	Pages = {1--20},
	Title = {Using Diode Lasers for Atomic Physics},
	Volume = {62},
	Url = {http://link.aip.org/link/?RSI/62/1/1},
	Year = {1991}}


%-----------------------------
%-----------------------------
% INTRODUCCIÓN
%-----------------------------
%-----------------------------

%CITA2
@incollection{OLD-dhyani2022novel,
  title={A Novel Survey on Ubiquitous Computing},
  author={Dhyani, Kshitij and Bhachawat, Saransh and Prabhu, J and Kumar, M Sandeep},
  booktitle={Data Intelligence and Cognitive Informatics},
  pages={109--123},
  year={2022},
  publisher={Springer}
}

@inproceedings{dhyani2022novel,
  title={A Novel Survey on Ubiquitous Computing},
  author={Dhyani, Kshitij and Bhachawat, Saransh and Prabhu, J and Kumar, M Sandeep},
  booktitle={International Conference on Data Intelligence and Cognitive Informatics},
  pages={109--123},
  year={2022},
}


%CITA3
@article{atzori2010internet,
  title={The internet of things: A survey},
  author={Atzori, Luigi and Iera, Antonio and Morabito, Giacomo},
  journal={Computer networks},
  volume={54},
  number={15},
  pages={2787--2805},
  year={2010},
  publisher={Elsevier}
}

@article{henderi2021comparison,
  title={Comparison of Min-Max normalization and Z-Score Normalization in the K-nearest neighbor (kNN) Algorithm to Test the Accuracy of Types of Breast Cancer},
  author={Henderi, Henderi and Wahyuningsih, Tri and Rahwanto, Efana},
  journal={International Journal of Informatics and Information Systems},
  volume={4},
  number={1},
  pages={13--20},
  year={2021}
}

@inbook{baudry2015estimation,
  title={CLADAG 2015. Book of Abstracts},
  chapter={Estimation and model selection for model-based clustering with the conditional classification likelihood},
  author={Baudry, Jean-Patrick},
  year={2015},
  isbn={978888467749-9},
  note={ISBN: 978888467749-9}
}
@phdthesis{hu2015initializing,
  title={Initializing the EM algorithm for data clustering and sub-population detection},
  author={Hu, Zhengyu},
  year={2015},
  school={The Ohio State University}
}
%CITA4
@article{garcia2022machine,
  title={A machine learning approach for semi-automatic assessment of IADL dependence in older adults with wearable sensors},
  author={Garcia-Moreno, Francisco M and Bermudez-Edo, Maria and Rodríguez-García, Estefanía and Pérez-Mármol, José Manuel and Garrido, José Luis and Rodríguez-Fórtiz, María José},
  journal={International Journal of Medical Informatics},
  volume={157},
  pages={104625},
  year={2022},
  publisher={Elsevier}
}
%CITA5
@article{bermudez2018analysing,
  title={Analysing real world data streams with spatio-temporal correlations: Entropy vs. Pearson correlation},
  author={Bermudez-Edo, Maria and Barnaghi, Payam and Moessner, Klaus},
  journal={Automation in Construction},
  volume={88},
  pages={87--100},
  year={2018},
  publisher={Elsevier}
}
%CITA6
@article{leung2022development,
  title={Development of Information and Communication Technology: From e-Tourism to Smart Tourism},
  author={Leung, Rosanna},
  journal={Handbook of e-Tourism},
  pages={1--33},
  year={2022},
  publisher={Springer}
}
%CITA7
@inproceedings{balandina2015iot,
  title={IoT use cases in healthcare and tourism},
  author={Balandina, Ekaterina and Balandin, Sergey and Koucheryavy, Yevgeni and Mouromtsev, Dmitry},
  booktitle={2015 IEEE 17th conference on business informatics},
  volume={2},
  pages={37--44},
  year={2015},
  organization={IEEE}
}
%CITA8
@article{ning2019vehicular,
  title={Vehicular fog computing: Enabling real-time traffic management for smart cities},
  author={Ning, Zhaolong and Huang, Jun and Wang, Xiaojie},
  journal={IEEE Wireless Communications},
  volume={26},
  number={1},
  pages={87--93},
  year={2019},
  publisher={IEEE}
}
%CITA9
@article{campisi2021development,
  title={The development of the smart cities in the connected and autonomous vehicles (CAVs) era: From mobility patterns to scaling in cities},
  author={Campisi, Tiziana and Severino, Alessandro and Al-Rashid, Muhammad Ahmad and Pau, Giovanni},
  journal={Infrastructures},
  volume={6},
  number={7},
  pages={100},
  year={2021},
  publisher={MDPI}
}
%CITA10
@incollection{seuwou2020future,
  title={The future of mobility with connected and autonomous vehicles in smart cities},
  author={Seuwou, Patrice and Banissi, Ebad and Ubakanma, George},
  booktitle={Digital twin technologies and smart cities},
  pages={37--52},
  year={2020},
  publisher={Springer}
}
%CITA11
@article{sharma2020internet,
  title={Internet of Things (IoT) adoption barriers of smart cities’ waste management: An Indian context},
  author={Sharma, Manu and Joshi, Sudhanshu and Kannan, Devika and Govindan, Kannan and Singh, Rohit and Purohit, HC},
  journal={Journal of Cleaner Production},
  volume={270},
  pages={122047},
  year={2020},
  publisher={Elsevier}
}
%CITA12
@inproceedings{bhavadeesh2021iot,
  title={IOT based Smart Street Lighting System for Smart City},
  author={Bhavadeesh, R and Kumar, P Traun Chandra and Srinivas, D and Krishnaveni, R},
  booktitle={2021 5th International Conference on Information Systems and Computer Networks (ISCON)},
  pages={1--3},
  year={2021},
  organization={IEEE}
}
%CITA13
@article{beg2021uav,
  title={UAV-enabled intelligent traffic policing and emergency response handling system for the smart city},
  author={Beg, Abdurrahman and Qureshi, Abdul Rahman and Sheltami, Tarek and Yasar, Ansar},
  journal={Personal and Ubiquitous Computing},
  volume={25},
  number={1},
  pages={33--50},
  year={2021},
  publisher={Springer}
}
%CITA14
@book{haughton2004sustainable,
  title={Sustainable cities},
  author={Haughton, Graham and Hunter, Colin},
  year={2004},
  publisher={Routledge},
  isbn={185302 234 9},
  note={ISBN: 185302 234 9}
}

@article{rodriguez2004international,
  title={International retirement migration: Retired Europeans living on the Costa del Sol, Spain},
  author={Rodriguez, Vicente and Fernandez-Mayoralas, Gloria and Rojo, Fermina},
  journal={Population Review},
  volume={43},
  number={1},
  pages={1--36},
  year={2004},
  publisher={Sociological Demography Press}
}

%CITA15
@article{centelles2019lora,
  title={A lora-based communication system for coordinated response in an earthquake aftermath},
  author={Centelles, Roger Pueyo and Freitag, Felix and Meseguer, Roc and Navarro, Leandro and Ochoa, Sergio F and Santos, Rodrigo M},
  journal={Multidisciplinary Digital Publishing Institute Proceedings},
  volume={31},
  number={1},
  pages={73},
  year={2019}
}

@article{gutierrez2020profiling,
  title={Profiling tourists' use of public transport through smart travel card data},
  author={Gutiérrez, Aaron and Domènech, Antoni and Zaragozí, Benito and Miravet, Daniel},
  journal={Journal of Transport Geography},
  volume={88},
  pages={102820},
  year={2020},
  publisher={Elsevier}
}

@article{cats2022unravelling,
  title={Unravelling individual mobility temporal patterns using longitudinal smart card data},
  author={Cats, Oded and Ferranti, Francesco},
  journal={Research in Transportation Business \& Management},
  volume={43},
  pages={100816},
  year={2022},
  publisher={Elsevier}
}

@article{wang2021identifying,
  title={Identifying urban functional areas and their dynamic changes in Beijing: using multiyear transit smart card data},
  author={Wang, Zijia and Liu, Haixu and Zhu, Yadi and Zhang, Yuerong and Basiri, Anahid and B{\"u}ttner, Benjamin and Gao, Xing and Cao, Mengqiu},
  journal={Journal of Urban Planning and Development},
  volume={147},
  number={2},
  pages={04021002},
  year={2021},
  publisher={American Society of Civil Engineers}
}


%CITA16
@article{eggly2019evacuation,
  title={Evacuation supporting system based on iot components},
  author={Eggly, Gabriel M and Finochietto, José Mariano and Micheletto, Matias and Centelles, Roger Pueyo and Santos, Rodrigo and Ochoa, Sergio F and Meseguer, Roc and Orozco, Javier},
  journal={Multidisciplinary digital publishing institute proceedings},
  volume={31},
  number={1},
  pages={38},
  year={2019}
}

%-----------------------------
%-----------------------------
% RELATED WORK
%-----------------------------
%-----------------------------

%CITA1
@inproceedings{lin2019application,
  title={Application research of neural network in vehicle target recognition and classification},
  author={Lin, Mengdan and Zhao, Xuelin},
  booktitle={2019 International Conference on Intelligent Transportation, Big Data \& Smart City (ICITBS)},
  pages={5--8},
  year={2019},
  organization={IEEE}
}
%CITA2
@article{peixoto2021traffic,
  title={A traffic data clustering framework based on fog computing for VANETs},
  author={Peixoto, Maycon Leone Maciel and Maia, Adriano HO and Mota, Edson and Rangel, E and Costa, Daniel G and Turgut, Damla and Villas, Leandro Aparecido},
  journal={Vehicular Communications},
  volume={31},
  pages={100370},
  year={2021},
  publisher={Elsevier}
}
%CITA3
@inproceedings{mondal2019identifying,
  title={Identifying traffic congestion pattern using k-means clustering technique},
  author={Mondal, Md Ashifuddin and Rehena, Zeenat},
  booktitle={2019 4th International Conference on Internet of Things: Smart Innovation and Usages (IoT-SIU)},
  pages={1--5},
  year={2019},
  organization={IEEE}
}
%CITA4
@article{asakura2007analysis,
  title={Analysis of tourist behaviour based on the tracking data collected using a mobile communication instrument},
  author={Asakura, Yasuo and Iryo, Takamasa},
  journal={Transportation Research Part A: Policy and Practice},
  volume={41},
  number={7},
  pages={684--690},
  year={2007},
  publisher={Elsevier}
}
%CITA5
@article{yao2021understanding,
  title={Understanding vehicles commuting pattern based on license plate recognition data},
  author={Yao, Wenbin and Zhang, Maolei and Jin, Sheng and Ma, Dongfang},
  journal={Transportation Research Part C: Emerging Technologies},
  volume={128},
  pages={103142},
  year={2021},
  publisher={Elsevier}
}
%CITA6
@article{wang2022scaling,
  title={Scaling Laws of Spatial Visitation Frequency on Motorized Travel},
  author={Wang, Changhua and Zhou, Yujia and Xu, Cheng},
  journal={Mathematical Problems in Engineering},
  volume={2022},
  year={2022},
  publisher={Hindawi}
}

@article{zhou2020subspace,
  title={Subspace segmentation-based robust multiple kernel clustering},
  author={Zhou, Sihang and Zhu, En and Liu, Xinwang and Zheng, Tianming and Liu, Qiang and Xia, Jingyuan and Yin, Jianping},
  journal={Information Fusion},
  volume={53},
  pages={145--154},
  year={2020},
  publisher={Elsevier}
}

@article{pinilla2008rural,
  title={Rural depopulation and the migration turnaround in Mediterranean Western Europe: a case study of Aragon},
  author={Pinilla, Vicente and Ayuda, María-Isabel and Sáez, Luis-Antonio},
  journal={Journal of Rural and Community Development},
  volume={3},
  number={1},
  year={2008}
}
%CITA7
@article{lin2022signal,
  title={Signal timing parameters inference method at intersections using license plate recognition data},
  author={Lin, Qinghai and Chen, Jinyong and Li, Guilong and He, Zhaocheng},
  journal={IET Intelligent Transport Systems},
  year={2022},
  publisher={Wiley Online Library}
}
%CITA8
@article{bai4086627data,
  title={A Data-Driven Iterative Multi-Attribute Clustering Algorithm and its Application in Port Congestion Estimation},
  author={Bai, Xiwen and Ma, Zhongjun and Hou, Yao and Yang, Dong},
  journal={Available at SSRN 4086627},
  year={2022}
}
%CITA9
@article{yao2022understanding,
  title={Understanding travel behavior adjustment under COVID-19},
  author={Yao, Wenbin and Yu, Jinqiang and Yang, Ying and Chen, Nuo and Jin, Sheng and Hu, Youwei and Bai, Congcong},
  journal={Communications in Transportation Research},
  pages={100068},
  year={2022},
  publisher={Elsevier}
}
%CITA10
@article{yao2022analysis,
  title={Analysis of Key Commuting Routes Based on Spatiotemporal Trip Chain},
  author={Yao, Wenbin and Chen, Caijun and Su, Hongyang and Chen, Nuo and Jin, Sheng and Bai, Congcong},
  journal={Journal of Advanced Transportation},
  volume={2022},
  year={2022},
  publisher={Hindawi}
}

%-----------------------------
%-----------------------------
% METHODOLOGY
%-----------------------------
%-----------------------------

%CITA1
@inproceedings{halkidi2001clustering,
  title={Clustering algorithms and validity measures},
  author={Halkidi, Maria and Batistakis, Yannis and Vazirgiannis, Michalis},
  booktitle={Proceedings Thirteenth International Conference on Scientific and Statistical Database Management. SSDBM 2001},
  pages={3--22},
  year={2001},
  organization={IEEE}
}
%CITA2
@TECHREPORT{bejar2013k,
  title={K-means vs Mini Batch K-means: a comparison},
  author={Béjar Alonso, Javier},
  institution={Universidad Politecnica de Madrid},
  year={2013}
}
%CITA3
@article{zhang1996birch,
  title={BIRCH: an efficient data clustering method for very large databases},
  author={Zhang, Tian and Ramakrishnan, Raghu and Livny, Miron},
  journal={ACM sigmod record},
  volume={25},
  number={2},
  pages={103--114},
  year={1996},
  publisher={ACM New York, NY, USA}
}
%CITA4
@article{mcinnes2017hdbscan,
  title={hdbscan: Hierarchical density based clustering.},
  author={McInnes, Leland and Healy, John and Astels, Steve},
  journal={J. Open Source Softw.},
  volume={2},
  number={11},
  pages={205},
  year={2017}
}
%CITA5
@inproceedings{ester1996density,
  title={A density-based algorithm for discovering clusters in large spatial databases with noise.},
  author={Ester, Martin and Kriegel, Hans-Peter and Sander, J{\"o}rg and Xu, Xiaowei and others},
  booktitle={International Conference on Knowledge Discovery and Data Mining (KDD)},
  volume={96},
  number={34},
  pages={226--231},
  year={1996}
}
%CITA6
@article{comaniciu2002mean,
  title={Mean shift: A robust approach toward feature space analysis},
  author={Comaniciu, Dorin and Meer, Peter},
  journal={IEEE Transactions on pattern analysis and machine intelligence},
  volume={24},
  number={5},
  pages={603--619},
  year={2002},
  publisher={IEEE}
}
%CITA7
@article{yang2012robust,
  title={A robust EM clustering algorithm for Gaussian mixture models},
  author={Yang, Miin-Shen and Lai, Chien-Yo and Lin, Chih-Ying},
  journal={Pattern Recognition},
  volume={45},
  number={11},
  pages={3950--3961},
  year={2012},
  publisher={Elsevier}
}
%CITA8
@inproceedings{wang1997sting,
  title={STING: A statistical information grid approach to spatial data mining},
  author={Wang, Wei and Yang, Jiong and Muntz, Richard and others},
  booktitle={VLDB},
  volume={97},
  pages={186--195},
  year={1997},
  organization={Citeseer}
}
%CITA9
@inproceedings{sheikholeslami1998wavecluster,
  title={Wavecluster: A multi-resolution clustering approach for very large spatial databases},
  author={Sheikholeslami, Gholamhosein and Chatterjee, Surojit and Zhang, Aidong},
  booktitle={VLDB},
  volume={98},
  pages={428--439},
  year={1998}
}
%CITA10
@inproceedings{forster2009clique,
  title={CLIQUE: Role-free clustering with Q-learning for wireless sensor networks},
  author={Forster, Anna and Murphy, Amy L},
  booktitle={2009 29th IEEE International Conference on Distributed Computing Systems},
  pages={441--449},
  year={2009},
  organization={IEEE}
}
%CITA11
@article{frey2007clustering,
  title={Clustering by passing messages between data points},
  author={Frey, Brendan J and Dueck, Delbert},
  journal={science},
  volume={315},
  number={5814},
  pages={972--976},
  year={2007},
  publisher={American Association for the Advancement of Science}
}
%CITA12
@article{von2007tutorial,
  title={A tutorial on spectral clustering},
  author={Von Luxburg, Ulrike},
  journal={Statistics and computing},
  volume={17},
  number={4},
  pages={395--416},
  year={2007},
  publisher={Springer}
}
%CITA13
@inproceedings{moulavi2014density,
  title={Density-based clustering validation},
  author={Moulavi, Davoud and Jaskowiak, Pablo A and Campello, Ricardo JGB and Zimek, Arthur and Sander, J{\"o}rg},
  booktitle={Proceedings of the 2014 SIAM international conference on data mining},
  pages={839--847},
  year={2014},
  organization={SIAM}
}
%CITA14
@article{calinski1974dendrite,
  title={A dendrite method for cluster analysis},
  author={Cali{\'n}ski, Tadeusz and Harabasz, Jerzy},
  journal={Communications in Statistics-theory and Methods},
  volume={3},
  number={1},
  pages={1--27},
  year={1974},
  publisher={Taylor \& Francis}
}
%CITA15
@article{rousseeuw1987silhouettes,
  title={Silhouettes: a graphical aid to the interpretation and validation of cluster analysis},
  author={Rousseeuw, Peter J},
  journal={Journal of computational and applied mathematics},
  volume={20},
  pages={53--65},
  year={1987},
  publisher={Elsevier}
}
%CITA16
@article{davies1979cluster,
  title={A cluster separation measure},
  author={Davies, David L and Bouldin, Donald W},
  journal={IEEE transactions on pattern analysis and machine intelligence},
  number={2},
  pages={224--227},
  year={1979},
  publisher={IEEE}
}
@article{paniagua2020smart,
  title={Smart villages in depopulated areas},
  author={Paniagua, Angel},
  journal={Smart Village Technology: Concepts and Developments},
  pages={399--409},
  year={2020},
  publisher={Springer}
}
@article{neubig2022data,
  title={Data-driven Initiatives of Destinations Supporting Sustainable Tourism},
  author={Neubig, Stefan and Baecker, Julius and Gehring, Nicolas and Hein, Andreas and Weking, J{\"o}rg and Krcmar, Helmut},
  year={2022}
}
@article{jurado2009extranjeros,
  title={Extranjeros jubilados: ?`residentes no empadronados o turistas residenciales? Metodología para la cuantificaci{\'o}n de la poblaci{\'o}n no empadronada},
  author={Jurado, Enrique Navarro and Guti{\'e}rrez, Carmen Carvajal},
  journal={BAETICA. Estudios de Historia Moderna y Contempor{\'a}nea},
  number={31},
  pages={61--90},
  year={2009}
}
@article{staab2002intelligent,
  title={Intelligent systems for tourism},
  author={Staab, Steffen and Werthner, Hannes and Ricci, Francesco and Zipf, Alexander and Gretzel, Ulrike and Fesenmaier, Daniel R and Paris, C{\'e}cile and Knoblock, Craig},
  journal={IEEE intelligent systems},
  volume={17},
  number={6},
  pages={53--66},
  year={2002}
}
@article{bruyere2002enhancing,
  title={Enhancing importance-performance analysis through segmentation},
  author={Bruyere, Brett L and Rodriguez, Donald A and Vaske, Jerry J},
  journal={Journal of travel \& tourism marketing},
  volume={12},
  number={1},
  pages={81--95},
  year={2002},
  publisher={Taylor \& Francis}
}
@article{kastenholz2018diverse,
  title={Diverse socializing patterns in rural tourist experiences--a segmentation analysis},
  author={Kastenholz, Elisabeth and Carneiro, Maria Jo{\~a}o and Eus{\'e}bio, Celeste},
  journal={Current Issues in Tourism},
  volume={21},
  number={4},
  pages={401--421},
  year={2018},
  publisher={Taylor \& Francis}
}
@article{williams1997place,
  title={A place in the sun: International retirement migration from northern to southern Europe},
  author={Williams, Allan M and King, Russell and Warnes, Tony},
  journal={European urban and regional studies},
  volume={4},
  number={2},
  pages={115--134},
  year={1997},
  publisher={Sage Publications Sage CA: Thousand Oaks, CA}
}
@article{xie2022marketing,
  title={Marketing Strategy of Rural Tourism Based on Big Data and Artificial Intelligence},
  author={Xie, Dan and He, Yu},
  journal={Mobile Information Systems},
  volume={2022},
  year={2022},
  publisher={Hindawi}
}
@article{blazquez2021identifying,
  title={Identifying the sustainability indicators of overtourism and undertourism in Majorca},
  author={Bl{\'a}zquez-Salom, Maci{\`a} and Cladera, Magdalena and Sard, Maria},
  journal={Journal of Sustainable Tourism},
  pages={1--25},
  year={2021},
  publisher={Taylor \& Francis}
}
@book{pechlaner2019overtourism,
  title={Overtourism: Tourism management and solutions},
  author={Pechlaner, Harald and Innerhofer, Elisa and Erschbamer, Greta},
  year={2019},
  publisher={Routledge}
}
@article{stojanova2022rural,
  title={Rural Digital Innovation Hubs as a Paradigm for Sustainable Business Models in Europe’s Rural Areas},
  author={Stojanova, Simona and Cvar, Nina and Verhovnik, Jurij and Bo{\v{z}}i{\'c}, Nata{\v{s}}a and Trilar, Jure and Kos, Andrej and Stojmenova Duh, Emilija},
  journal={Sustainability},
  volume={14},
  number={21},
  pages={14620},
  year={2022},
  publisher={MDPI}
}
@article{yu2022spatial,
  title={Spatial characteristics of sports tourism destination system based on data fusion and data mining},
  author={Yu, Shu and Qiu, Chenggang and Yang, Ruizhu},
  journal={Mobile Information Systems},
  volume={2022},
  year={2022},
  publisher={Hindawi}
}
@article{kirilenko2023detecting,
  title={Detecting early signs of overtourism: Bringing together indicators of tourism development with data fusion},
  author={Kirilenko, Andrei P and Ma, Shihan and Stepchenkova, Svetlana O and Su, Lijuan and Waddell, T Franklin},
  journal={Journal of Travel Research},
  volume={62},
  number={2},
  pages={382--398},
  year={2023},
  publisher={SAGE Publications Sage CA: Los Angeles, CA}
}
@article{li2021tourism,
  title={Tourism information data processing method based on multi-source data fusion},
  author={Li, YaoGuang and Gan, HeChi},
  journal={Journal of Sensors},
  volume={2021},
  pages={1--12},
  year={2021},
  publisher={Hindawi Limited}
}
%CITA17
@inproceedings{zhang2010k,
  title={K-AP: generating specified K clusters by efficient affinity propagation},
  author={Zhang, Xiangliang and Wang, Wei and N{\o}rv{\aa}g, Kjetil and Sebag, Michele},
  booktitle={2010 IEEE International Conference on Data Mining},
  pages={1187--1192},
  year={2010},
  organization={IEEE}
}
%CITA18
@inproceedings{liu2013improved,
  title={An improved affinity propagation clustering algorithm for large-scale data sets},
  author={Liu, Xiaonan and Yin, Meijuan and Luo, Junyong and Chen, Wuping},
  booktitle={2013 Ninth International Conference on Natural Computation (ICNC)},
  pages={894--899},
  year={2013},
  organization={IEEE}
}
%CITA19
@article{serdah2016clustering,
  title={Clustering large-scale data based on modified affinity propagation algorithm},
  author={Serdah, Ahmed M and Ashour, Wesam M},
  journal={Journal of Artificial Intelligence and Soft Computing Research},
  volume={6},
  number={1},
  pages={23--33},
  year={2016}
}
%CITA20
@article{sun2017fast,
  title={Fast affinity propagation clustering based on incomplete similarity matrix},
  author={Sun, Leilei and Guo, Chonghui and Liu, Chuanren and Xiong, Hui},
  journal={Knowledge and Information Systems},
  volume={51},
  number={3},
  pages={941--963},
  year={2017},
  publisher={Springer}
}

@article{xia2020oriented,
  title={Oriented grouping-constrained spectral clustering for medical imaging segmentation},
  author={Xia, Kaijian and Gu, Xiaoqing and Zhang, Yudong},
  journal={Multimedia Systems},
  volume={26},
  pages={27--36},
  year={2020},
  publisher={Springer}
}

@inproceedings{bianchi2020spectral,
  title={Spectral clustering with graph neural networks for graph pooling},
  author={Bianchi, Filippo Maria and Grattarola, Daniele and Alippi, Cesare},
  booktitle={International conference on machine learning},
  pages={874--883},
  year={2020},
  organization={PMLR}
}

@article{alitaleshi2022affinity,
  title={Affinity propagation clustering-aided two-label hierarchical extreme learning machine for Wi-Fi fingerprinting-based indoor positioning},
  author={Alitaleshi, Atefe and Jazayeriy, Hamid and Kazemitabar, Javad},
  journal={Journal of Ambient Intelligence and Humanized Computing},
  volume={13},
  number={6},
  pages={3303--3317},
  year={2022},
  publisher={Springer}
}

@inproceedings{martin2021affinity,
  title={Affinity propagation clustering for older adults daily routine estimation},
  author={Martín, Ana Jiménez and Gordo, Ismael Miranda and Domínguez, Juan Jesús García and Torres-Sospedra, Joaquín and Plaza, Sergio Lluva and Gómez, David Gualda},
  booktitle={2021 International Conference on Indoor Positioning and Indoor Navigation (IPIN)},
  pages={1--7},
  year={2021},
  organization={IEEE}
}

@article{kaushal2022generalized,
  title={Generalized intuitionistic fuzzy c-means clustering algorithm using an adaptive intuitionistic fuzzification technique},
  author={Kaushal, Meenakshi and Lohani, QM Danish},
  journal={Granular Computing},
  volume={7},
  pages={183--195},
  year={2022},
  publisher={Springer}
}

@article{xu2022fuzzy,
  title={Fuzzy C-means clustering image segmentation algorithm based on hidden Markov model},
  author={Xu, Ru},
  journal={Mobile Networks and Applications},
  volume={27},
  number={3},
  pages={946--954},
  year={2022},
  publisher={Springer}
}

@article{ravuri2022effective,
  title={An effective weather forecasting method using a deep long--short-term memory network based on time-series data with sparse fuzzy c-means clustering},
  author={Ravuri, Vasavi and Vasundra, Dr S},
  journal={Engineering Optimization},
  pages={1--19},
  year={2022},
  publisher={Taylor \& Francis}
}

@article{du2022grid,
  title={Grid-Based Clustering Using Boundary Detection},
  author={Du, Mingjing and Wu, Fuyu},
  journal={Entropy},
  volume={24},
  number={11},
  pages={1606},
  year={2022},
  publisher={MDPI}
}

@inproceedings{kumar2022gridshift,
  title={GridShift: A Faster Mode-seeking Algorithm for Image Segmentation and Object Tracking},
  author={Kumar, Abhishek and Ajani, Oladayo S and Das, Swagatam and Mallipeddi, Rammohan},
  booktitle={Proceedings of the IEEE/CVF Conference on Computer Vision and Pattern Recognition},
  pages={8131--8139},
  year={2022}
}

@article{hou2022iot,
  title={IoT Anomaly Detection Based on Autoencoder and Bayesian Gaussian Mixture Model},
  author={Hou, Yunyun and He, Ruiyu and Dong, Jie and Yang, Yangrui and Ma, Wei},
  journal={Electronics},
  volume={11},
  number={20},
  pages={3287},
  year={2022},
  publisher={MDPI}
}

@inproceedings{ribeiro2021towards,
  title={Towards clustering human behavioral patterns based on digital phenotyping},
  author={Ribeiro Filho, José Daniel P and Teles, Ariel S and Silva, Francisco JS and Coutinho, Luciano R},
  booktitle={2021 IEEE 34th International Symposium on Computer-Based Medical Systems (CBMS)},
  pages={271--276},
  year={2021},
  organization={IEEE}
}

@article{choi2023gaussian,
  title={Gaussian Mixture Model-Based Online Anomaly Detection for Vectored Area Navigation Arrivals},
  author={Choi, Hong-Cheol and Deng, Chuhao and Park, Hyunsang and Hwang, Inseok},
  journal={Journal of Aerospace Information Systems},
  volume={20},
  number={1},
  pages={37--52},
  year={2023},
  publisher={American Institute of Aeronautics and Astronautics}
}

@article{bezdek1984fcm,
  title={FCM: The fuzzy c-means clustering algorithm},
  author={Bezdek, James C and Ehrlich, Robert and Full, William},
  journal={Computers \& geosciences},
  volume={10},
  number={2-3},
  pages={191--203},
  year={1984},
  publisher={Elsevier}
}

@inproceedings{liu2010understanding,
  title={Understanding of internal clustering validation measures},
  author={Liu, Yanchi and Li, Zhongmou and Xiong, Hui and Gao, Xuedong and Wu, Junjie},
  booktitle={2010 IEEE international conference on data mining},
  pages={911--916},
  year={2010},
  organization={IEEE}
}

%CITA21
@inproceedings{shiokawa2021scalable,
  title={Scalable affinity propagation for massive datasets},
  author={Shiokawa, Hiroaki},
  booktitle={Proceedings of the AAAI Conference on Artificial Intelligence},
  volume={35},
  number={11},
  pages={9639--9646},
  year={2021}
}
%CITA22
@article{berahmand2022novel,
  title={A novel method of spectral clustering in attributed networks by constructing parameter-free affinity matrix},
  author={Berahmand, Kamal and Mohammadi, Mehrnoush and Faroughi, Azadeh and Mohammadiani, Rojiar Pir},
  journal={Cluster Computing},
  volume={25},
  number={2},
  pages={869--888},
  year={2022},
  publisher={Springer}
}
%CITA23
@article{memarsadeghi2007fast,
  title={A fast implementation of the ISODATA clustering algorithm},
  author={Memarsadeghi, Nargess and Mount, David M and Netanyahu, Nathan S and Le Moigne, Jacqueline},
  journal={International Journal of Computational Geometry \& Applications},
  volume={17},
  number={01},
  pages={71--103},
  year={2007},
  publisher={World Scientific}
}
%CITA24
@article{ankerst1999optics,
  title={OPTICS: Ordering points to identify the clustering structure},
  author={Ankerst, Mihael and Breunig, Markus M and Kriegel, Hans-Peter and Sander, J{\"o}rg},
  journal={ACM Sigmod record},
  volume={28},
  number={2},
  pages={49--60},
  year={1999},
  publisher={ACM New York, NY, USA}
}

@article{enes2023pipeline,
  title={A pipeline architecture for feature-based unsupervised clustering using multivariate time series from HPC jobs},
  author={Enes, Jonatan and Expósito, Roberto R and Fuentes, José and Cacheiro, Javier López and Touriño, Juan},
  journal={Information Fusion},
  volume={93},
  pages={1--20},
  year={2023},
  publisher={Elsevier}
}

@article{zhang2020emotion,
  title={Emotion recognition using multi-modal data and machine learning techniques: A tutorial and review},
  author={Zhang, Jianhua and Yin, Zhong and Chen, Peng and Nichele, Stefano},
  journal={Information Fusion},
  volume={59},
  pages={103--126},
  year={2020},
  publisher={Elsevier}
}

@article{mallik2023paving,
  title={Paving the way with machine learning for seamless indoor-outdoor positioning: A survey},
  author={Mallik, Manjarini and Panja, Ayan Kumar and Chowdhury, Chandreyee},
  journal={Information Fusion},
  year={2023},
  publisher={Elsevier}
}

@article{mowl2022heterogeneous,
  title={The heterogeneous nature of second homes: the case of the Alpujarra, Granada Province, Spain},
  author={Mowl, Graham and Barke, Michael and King, Helen},
  journal={Geography},
  volume={107},
  number={1},
  pages={14--25},
  year={2022},
  publisher={Taylor \& Francis}
}

@book{james2013introduction,
  title={An introduction to statistical learning},
  author={James, Gareth and Witten, Daniela and Hastie, Trevor and Tibshirani, Robert},
  volume={112},
  year={2013},
  publisher={Springer}
}

@misc{rodrigo2017un,
  title = {Análisis de Componentes Principales (Principal Component Analysis, {PCA}) y {t-SNE}},
  booktitle = {Cienciadedatos.net},
  author = {Rodrigo, Joaquín Amat},
  year = {2017},
  note         = {Accessed: 2023-3-29, available under a Attribution 4.0 International (CC BY 4.0)}
}

@inproceedings{polat2018novel,
  title={A Novel ML Approach to Prediction of Breast Cancer: Combining of mad normalization, KMC based feature weighting and AdaBoostM1 classifier},
  author={Polat, Kemal and Sent{\"u}rk, Umit},
  booktitle={2018 2nd International Symposium on Multidisciplinary Studies and Innovative Technologies (ISMSIT)},
  pages={1--4},
  year={2018},
  organization={Ieee}
}

@article{patro2015normalization,
  title={Normalization: A preprocessing stage},
  author={Patro, SGOPAL and Sahu, Kishore Kumar},
  journal={arXiv preprint arXiv:1503.06462},
  year={2015}
}

@inproceedings{ayub2020impact,
  title={Impact of normalization on BiLSTM based models for energy disaggregation},
  author={Ayub, Mohammed and El-Alfy, El-Sayed M},
  booktitle={2020 International Conference on Data Analytics for Business and Industry: Way Towards a Sustainable Economy (ICDABI)},
  pages={1--6},
  year={2020},
  organization={IEEE}
}


@article{bertuglia2011reverse,
  title={Reverse migration: from the city to the countryside. The Spanish case of Alpujarra Granadina.},
  author={Bertuglia, A and Sayadi, S and Guarino, A and López, CP and others},
  journal={Agriregionieuropa},
  volume={7},
  number={27},
  pages={62--64},
  year={2011},
  publisher={Associazione" Alessandro Bartola"}
}

@article{sun2021identifying,
  title={Identifying tourists and locals by K-means clustering method from mobile phone signaling data},
  author={Sun, Haodong and Chen, Yanyan and Lai, Jianhui and Wang, Yang and Liu, Xiaoming},
  journal={Journal of Transportation Engineering, Part A: Systems},
  volume={147},
  number={10},
  pages={04021070},
  year={2021},
  publisher={American Society of Civil Engineers}
}

@article{priambodo2021predicting,
  title={Predicting traffic flow propagation based on congestion at neighbouring roads using hidden Markov model},
  author={Priambodo, Bagus and Ahmad, Azlina and Kadir, Rabiah Abdul},
  journal={IEEE Access},
  volume={9},
  pages={85933--85946},
  year={2021},
  publisher={IEEE}
}

@article{park2021ship,
  title={Ship trajectory prediction based on bi-LSTM using spectral-clustered AIS data},
  author={Park, Jinwan and Jeong, Jungsik and Park, Youngsoo},
  journal={Journal of marine science and engineering},
  volume={9},
  number={9},
  pages={1037},
  year={2021},
  publisher={MDPI}
}

@article{de2022application,
  title={Application of the Affinity Propagation Clustering Technique to obtain traffic accident clusters at macro, meso, and micro levels},
  author={de Moura, Fagner Sutel and Nodari, Christine Tessele},
  journal={arXiv preprint arXiv:2202.05175},
  year={2022}
}

@article{zhao2022hyper,
  title={Hyper-clustering enhanced spatio-temporal deep learning for traffic and demand prediction in bike-sharing systems},
  author={Zhao, Shengjie and Zhao, Kai and Xia, Yusen and Jia, Wenzhen},
  journal={Information Sciences},
  volume={612},
  pages={626--637},
  year={2022},
  publisher={Elsevier}
}

@article{frost2017multicollinearity,
  title={Multicollinearity in regression analysis: problems, detection, and solutions},
  author={Frost, Jim and others},
  journal={Statistics by Jim},
  year={2017}
}

@article{kim2021spatial,
  title={Spatial contiguity-constrained hierarchical clustering for traffic prediction in bike sharing systems},
  author={Kim, Kyoungok},
  journal={IEEE Transactions on Intelligent Transportation Systems},
  volume={23},
  number={6},
  pages={5754--5764},
  year={2021},
  publisher={IEEE}
}

@article{li2022unsupervised,
  title={Unsupervised hierarchical methodology of maritime traffic pattern extraction for knowledge discovery},
  author={Li, Huanhuan and Lam, Jasmine Siu Lee and Yang, Zaili and Liu, Jingxian and Liu, Ryan Wen and Liang, Maohan and Li, Yan},
  journal={Transportation Research Part C: Emerging Technologies},
  volume={143},
  pages={103856},
  year={2022},
  publisher={Elsevier}
}

@article{yu2022novel,
  title={A Novel WSN Traffic Anomaly Detection Scheme Based on BIRCH},
  author={YU, Bin and XIONG, Jun},
  journal={Journal of Electronics \& Information Technology},
  volume={44},
  number={1},
  pages={305--313},
  year={2022},
  publisher={Journal of Electronics \& Information Technology}
}

@article{pasupathi2021trend,
  title={Trend analysis using agglomerative hierarchical clustering approach for time series big data},
  author={Pasupathi, Subbulakshmi and Shanmuganathan, Vimal and Madasamy, Kaliappan and Yesudhas, Harold Robinson and Kim, Mucheol},
  journal={The Journal of Supercomputing},
  volume={77},
  pages={6505--6524},
  year={2021},
  publisher={Springer}
}

@inproceedings{escudero2018alpujarra,
  title={La Alpujarra granadina: un espacio rural diverso y complejo. De Sierra Nevada al litoral},
  author={Escudero, Álvaro Daniel Rodríguez},
  booktitle={Nuevas realidades rurales en tiempos de crisis: territorios, actores, procesos y políticas: XIX Coloquio de Geografía Rural de la Asociación de Geógrafos Españoles y II Coloquio Internacional de Geografía Rural},
  pages={782--794},
  year={2018},
  organization={Universidad de Granada}
}

@article{whitaker2021did,
  title={Did the COVID-19 pandemic cause an urban exodus?},
  author={Whitaker, Stephan D},
  journal={Cleveland Fed District Data Brief},
  number={20210205},
  year={2021},
  publisher={Federal Reserve Bank of Cleveland}
}

@article{gallardo2020comparison,
  title={Comparison of Clustering Algorithms in Text Clustering Tasks},
  author={Gallardo García, Rafael and Beltrán, Beatriz and Vilariño, Darnes and Zepeda, Claudia and Martínez, Rodolfo},
  journal={Computación y Sistemas},
  volume={24},
  number={2},
  pages={429--437},
  year={2020},
  publisher={Instituto Politécnico Nacional, Centro de Investigación en Computación}
}

@article{steinley2004properties,
  title={Properties of the hubert-arable adjusted rand index.},
  author={Steinley, Douglas},
  journal={Psychological methods},
  volume={9},
  number={3},
  pages={386},
  year={2004},
  publisher={American Psychological Association}
}

@article{estevez2009normalized,
  title={Normalized mutual information feature selection},
  author={Estévez, Pablo A and Tesmer, Michel and Perez, Claudio A and Zurada, Jacek M},
  journal={IEEE Transactions on neural networks},
  volume={20},
  number={2},
  pages={189--201},
  year={2009},
  publisher={IEEE}
}

@article{halkidi2002cluster,
  title={Cluster validity methods: part I},
  author={Halkidi, Maria and Batistakis, Yannis and Vazirgiannis, Michalis},
  journal={ACM Sigmod Record},
  volume={31},
  number={2},
  pages={40--45},
  year={2002},
  publisher={ACM New York, NY, USA}
}

@article{saenz2023nation,
  title={Nation-wide touristic flow prediction with Graph Neural Networks and heterogeneous open data},
  author={Sáenz, Fernando Terroso and Arcas-Tunez, Francisco and Muñoz, Andres},
  journal={Information Fusion},
  volume={91},
  pages={582--597},
  year={2023},
  publisher={Elsevier}
}

%-----------------------------
%-----------------------------
% EXPERIMENTS
%-----------------------------
%-----------------------------

%CITA1 shiokawa2021scalable
%CITA2
@article{malzer2019hdbscan,
  title={Hdbscan ($\epsilon$): An alternative cluster extraction method for HDBSCAN},
  author={Malzer, Claudia and Baum, Marcus},
  archivePrefix = {arXiv},
  eprint={CoRR, abs/1911.02282},
  year={2019}
}

@article{yang2016temporal,
  title={Temporal data mining via unsupervised ensemble learning},
  author={Yang, Yun},
  year={2016},
  pages={19--34},
  publisher={Elsevier}
}

@article{lau2019survey,
  title={A survey of data fusion in smart city applications},
  author={Lau, Billy Pik Lik and Marakkalage, Sumudu Hasala and Zhou, Yuren and Hassan, Naveed Ul and Yuen, Chau and Zhang, Meng and Tan, U-Xuan},
  journal={Information Fusion},
  volume={52},
  pages={357--374},
  year={2019},
  publisher={Elsevier}
}

@article{doborjeh2022artificial,
  title={Artificial intelligence: a systematic review of methods and applications in hospitality and tourism},
  author={Doborjeh, Zohreh and Hemmington, Nigel and Doborjeh, Maryam and Kasabov, Nikola},
  journal={International Journal of Contemporary Hospitality Management},
  volume={34},
  number={3},
  pages={1154--1176},
  year={2022},
  publisher={Emerald Publishing Limited}
}

@article{ouallane2022fusion,
  title={Fusion of engineering insights and emerging trends: Intelligent urban traffic management system},
  author={Ouallane, Asma Ait and Bakali, Assia and Bahnasse, Ayoub and Broumi, Said and Talea, Mohamed},
  journal={Information Fusion},
  year={2022},
  publisher={Elsevier}
}

@article{belhadi2021deep,
  title={Deep learning for pedestrian collective behavior analysis in smart cities: A model of group trajectory outlier detection},
  author={Belhadi, Asma and Djenouri, Youcef and Srivastava, Gautam and Djenouri, Djamel and Lin, Jerry Chun-Wei and Fortino, Giancarlo},
  journal={Information Fusion},
  volume={65},
  pages={13--20},
  year={2021},
  publisher={Elsevier}
}

%-----------------------------
%-----------------------------
% RESULTS
%-----------------------------
%-----------------------------

%CITA1
@article{drakos2020silhouette,
  title={Silhouette analysis vs elbow method vs davies-bouldin index: Selecting the optimal number of clusters for kmeans clustering},
  author={Drakos, Georgios},
  journal={GDCoder,[Online]. Available: https://gdcoder. com/silhouetteanalysis-vs-elbow-method-vs-davies-bouldin-index-selectingthe-optimal-number-of-clusters-for-kmeans-clustering/(visited on 11/01/2022)},
  year={2020}
}
%CITA2
@inproceedings{humaira2020determining,
  title={Determining the appropiate cluster number using Elbow method for K-Means algorithm},
  author={Humaira, H and Rasyidah, R},
  booktitle={Proceedings of the 2nd Workshop on Multidisciplinary and Applications (WMA)},
  year={2020}
}

%Nuestra
@inproceedings{bolanos2022clustering,
  title={Clustering Study of Vehicle Behaviors Using License Plate Recognition},
  author={Bolaños-Martinez, Daniel and Bermudez-Edo, Maria and Garrido, Jose Luis},
  booktitle={Proceedings of the International Conference on Ubiquitous Computing \& Ambient Intelligence (UCAmI 2022)},
  pages={784--795},
  year={2022},
  organization={Springer}
}

%La que faltaba de Gaussian Mitures
@Inbook{Reynolds2009,
author="Reynolds, Douglas",
editor="Li, Stan Z.
and Jain, Anil",
title="Gaussian Mixture Models",
bookTitle="Encyclopedia of Biometrics",
year="2009",
publisher="Springer US",
address="Boston, MA",
pages="659--663",
isbn="978-0-387-73003-5" }
%doi="10.1007/978-0-387-73003-5_196",
%url="https://doi.org/10.1007/978-0-387-73003-5_196"
%}
