@misc{repairing2019,
      title={Repairing without Retraining: Avoiding Disparate Impact with Counterfactual Distributions}, 
      author={Hao Wang and Berk Ustun and Flavio P. Calmon},
      year={2019},
      eprint={1901.10501},
      archivePrefix={arXiv},
      primaryClass={cs.LG}
}

@misc{counterfactual2018,
      title={Counterfactual Fairness}, 
      author={Matt J. Kusner and Joshua R. Loftus and Chris Russell and Ricardo Silva},
      year={2018},
      eprint={1703.06856},
      archivePrefix={arXiv},
      primaryClass={stat.ML}
}

@misc{optimizeddata2017,
      title={Optimized Data Pre-Processing for Discrimination Prevention}, 
      author={Flavio P. Calmon and Dennis Wei and Karthikeyan Natesan Ramamurthy and Kush R. Varshney},
      year={2017},
      eprint={1704.03354},
      archivePrefix={arXiv},
      primaryClass={stat.ML}
}

@misc{fairrepresentation2013,
      title={Learning Fair Representations},
      author={Richard Zemel and Yu L. Wu and Kevin Swersky and Toniann Pitassi and Cynthia Dwork},
      year={2013}
}

@misc{lbfgs1997,
      title={Algorithm 778: L-BFGS-B: Fortran subroutines for large-scale bound-constrained optimization},
      author={Ciyou Zhu and Richard H. Byrd and Jorge Nocedal and Peihuang Lu},
      year={1997}
}


@misc{formalizing2018,
      title={On Formalizing Fairness in Prediction with Machine Learning}, 
      author={Pratik Gajane and Mykola Pechenizkiy},
      year={2018},
      eprint={1710.03184},
      archivePrefix={arXiv},
      primaryClass={cs.LG}
}

@article{catalogue2018,
   title={Algorithmic Fairness: Choices, Assumptions, and Definitions},
   volume={8},
   ISSN={2326-831X},
   url={http://dx.doi.org/10.1146/annurev-statistics-042720-125902},
   DOI={10.1146/annurev-statistics-042720-125902},
   number={1},
   journal={Annual Review of Statistics and Its Application},
   publisher={Annual Reviews},
   author={Mitchell, Shira and Potash, Eric and Barocas, Solon and D’Amour, Alexander and Lum, Kristian},
   year={2021},
   month={Mar},
   pages={141–163}
}

@article{disparate2017,
   title={Fairness Beyond Disparate Treatment \& Disparate Impact},
   ISBN={9781450349130},
   url={http://dx.doi.org/10.1145/3038912.3052660},
   DOI={10.1145/3038912.3052660},
   journal={Proceedings of the 26th International Conference on World Wide Web},
   publisher={International World Wide Web Conferences Steering Committee},
   author={Zafar, Muhammad Bilal and Valera, Isabel and Gomez Rodriguez, Manuel and Gummadi, Krishna P.},
   year={2017},
   month={Apr}
}

@misc{eodd2016,
      title={Equality of Opportunity in Supervised Learning}, 
      author={Moritz Hardt and Eric Price and Nathan Srebro},
      year={2016},
      eprint={1610.02413},
      archivePrefix={arXiv},
      primaryClass={cs.LG}
}

@misc{igualexac2017,
      title={Fairness in Criminal Justice Risk Assessments: The State of the Art}, 
      author={Richard Berk and Hoda Heidari and Shahin Jabbari and Michael Kearns and Aaron Roth},
      year={2017},
      eprint={1703.09207},
      archivePrefix={arXiv},
      primaryClass={stat.ML}
}

@misc{convex2016,
      title={Disciplined Convex-Concave Programming}, 
      author={Xinyue Shen and Steven Diamond and Yuantao Gu and Stephen Boyd},
      year={2016},
      eprint={1604.02639},
      archivePrefix={arXiv},
      primaryClass={math.OC}
}

@misc{constraints2017,
      title={Fairness Constraints: Mechanisms for Fair Classification}, 
      author={Muhammad Bilal Zafar and Isabel Valera and Manuel Gomez Rodriguez and Krishna P. Gummadi},
      year={2017},
      eprint={1507.05259},
      archivePrefix={arXiv},
      primaryClass={stat.ML}
}

@misc{preferences2017,
      title={From Parity to Preference-based Notions of Fairness in Classification}, 
      author={Muhammad Bilal Zafar and Isabel Valera and Manuel Gomez Rodriguez and Krishna P. Gummadi and Adrian Weller},
      year={2017},
      eprint={1707.00010},
      archivePrefix={arXiv},
      primaryClass={stat.ML}
}

@misc{aequitas2019,
      title={Aequitas: A Bias and Fairness Audit Toolkit}, 
      author={Pedro Saleiro and Benedict Kuester and Loren Hinkson and Jesse London and Abby Stevens and Ari Anisfeld and Kit T. Rodolfa and Rayid Ghani},
      year={2019},
      eprint={1811.05577},
      archivePrefix={arXiv},
      primaryClass={cs.LG}
}

@misc{measure2018,
      title={The Measure and Mismeasure of Fairness: A Critical Review of Fair Machine Learning}, 
      author={Sam Corbett-Davies and Sharad Goel},
      year={2018},
      eprint={1808.00023},
      archivePrefix={arXiv},
      primaryClass={cs.CY}
}

@article{mitigate2017,
  author = {Sam Corbett-Davies and Emma Pierson and Avi Feller and Sharad Goel and Aziz Huq},
  title = {Algorithmic decision making and the cost of fairness.},
  journal = {Proceedings of the 23rd ACM SIGKDD International Conference on Knowledge Discovery and Data Mining},
  year = 2017,
}

@misc{noise2014,
      title={Causal Discovery with Continuous Additive Noise Models}, 
      author={Jonas Peters and Joris Mooij and Dominik Janzing and Bernhard Schölkopf},
      year={2014},
      eprint={1309.6779},
      archivePrefix={arXiv},
      primaryClass={stat.ML}
}

@article{definitions2018,
  author = {Sahil Verma and Julia Rubin},
  title = {Fairness Definitions Explained},
  journal = {Indian Institute of Technology Kanpur and University of British Columbia},
  year = 2018,
}

@article{prestamo2018,
  author = {Andreas Fuster and Paul Goldsmith-Pinkham and Tarun Ramadorai and Ansgar Walther},
  title = {Predictably unequal? the effects of machine learning on credit markets},
  journal = {Journal of Finance},
  year = 2018,
};

@book{fairnesslearning2019,
  title = {Fairness in Machine Learning: Limitations and Opportunities},
  author = {Solon Barocas and Moritz Hardt and Arvind Narayanan},
  publisher = {fairmlbook.org},
  note = {\url{http://www.fairmlbook.org}},
  year = {2019}
}

@book{enfoquemoderno2004,
  author = {Stuart J. Russel and Peter Norvig},
  publisher = {Pearson Prentice Hall},
  title = {Inteligencia artificial: un enfoque moderno},
  year = 2004,
  isbn = {842054003X}
}

@book{redlining2012,
  author = {Bart Custers and Toon Calders and Bart Schermer and Tal Zarsky},
  publisher = {Springer},
  title = {Discrimination and Privacy in the Information Society: Data Mining and Profiling in Large},
  year = 2012,
  isbn ={3642304869}
}

@book{learning2012,
  author = {Yaser Abu-Mostafa and Malik Magdon-Ismail and Hsuan-Tien Lin},
  publisher = {AMLBook},
  title = {Learning from Data: A Short Course},
  year = 2012,
  isbn ={1600490069}
}

@article{contratar2015,
  author = {Claire C. Miller},
  title = {Can an algorithm hire better than a human?},
  journal = {New York Times},
  year = 2015
}

@article{condena2016,
author = {Julia Angwin and Jeff Larson and Surya Mattu and Lauren Kirchner},
year = {2016},
title = {Machine bias: There's software used across the country to predict future criminals. And it's biased against blacks},
journal = {ProPublica},
note = {\url{https://www.propublica.org/article/machine-bias-risk-assessments-in-criminal-sentencing}}
}


@article{blackbox2014,
author = {Nicholas Diakopoulos},
year = {2014},
title = {Algorithmic-accountability: the investigation of black boxes},
journal = {Tow Center for Digital Journalism}
}

@article{distributionmodel2017,
author = {Masashi Sugiyama and Anton Schwaighofer and Neil D. Lawrence and Joaquin Quiñonero-Candela},
year = {2017},
title = {Dataset shift in machine learning},
journal = {The MIT Press}
}

@article{bigdata2016,
author = {Solon Barocas and Andrew D. Selbst},
year = {2016},
title = {Big Data's Disparate Impact},
journal = {California Law Review}
}

@misc{generalize2019,
      title={Do ImageNet Classifiers Generalize to ImageNet?}, 
      author={Benjamin Recht and Rebecca Roelofs and Ludwig Schmidt and Vaishaal Shankar},
      year={2019},
      eprint={1902.10811},
      archivePrefix={arXiv},
      primaryClass={cs.CV}
}

@article{perceptron1957,
author = {Frank Rosenblatt},
year = {1957},
title = {The perceptron: A perceiving and recognizing automaton (project para)},
journal = {Cornell Aeronautical Laboratory}
}

@misc{woodworth2017,
      title={Learning Non-Discriminatory Predictors}, 
      author={Blake Woodworth and Suriya Gunasekar and Mesrob I. Ohannessian and Nathan Srebro},
      year={2017},
      eprint={1702.06081},
      archivePrefix={arXiv},
      primaryClass={cs.LG}
}

@misc{detect2012,
      title={Fairness Through Awareness}, 
      author={Cynthia Dwork and Moritz Hardt and Toniann Pitassi and Omer Reingold and Rich Zemel},
      year={2011},
      eprint={1104.3913},
      archivePrefix={arXiv},
      primaryClass={cs.CC}
}

@article{perceptronproof2012,
author = {Michael Collins},
year = {2012},
title = {Convergence proof for the perceptron algorithm},
journal = {Columbia University},
note = {\url{http://www.cs.columbia.edu/~mcollins/courses/6998-2012/notes/perc.converge.pdf}}
}

@misc{ley1964,
year = {2 de julio de 1964},
title = {Title VII of the Civil Rights Act of 1964: Equal Employment Opportunities},
howpublished = {\url{https://www.eeoc.gov/statutes/title-vii-civil-rights-act-1964}, United States},
key = {Title VII of the Civil Rights Act: Equal Employment Opportunities}
}

@article{ceguera2008,
author = {Roland Fryer and Glenn Loury and Tolga Yuret},
year = {2008},
title = {An Economic Analysis of Color-Blind Affirmative Action},
journal = {Journal of Law, Economics and Organization}
}

@article{ejconfusion2002,
author = {L.L. Humphrey and B.K.S. Chan and
H.C. Sox},
year = {2002},
title = {Postmenopausal Hormone Replacement Therapy and the Primary Prevention of Cardiovascular Disease},
journal = {Annals of Internal Medicine 137, no. 4}
}

@article{berksonparadox2014,
author = {Joseph Berkson},
year = {2014},
title = {Limitations of the Application of Fourfold Table Analysis to Hospital Data},
journal = {International Journal of Epidemiology 43, no. 2}
}

@misc{prule2018,
      title={Fairness in Machine Learning: Lessons from Political Philosophy}, 
      author={Reuben Binns},
      year={2021},
      eprint={1712.03586},
      archivePrefix={arXiv},
      primaryClass={cs.CY}
}

@misc{adverse2009,
  title = {Adverse Impact Analysis / Four-Fifths Rule},
  year = {2009},
  howpublished = {\url{https://www.prevuehr.com/resources/insights/adverse-impact-analysis-four-fifths-rule/}, Center for Data Science and Public Policy},
  key = {Adverse Impact Analysis / Four-Fifths Rule}
}

@misc{worlds2017,
      title={When Worlds Collide: Integrating Different Counterfactual Assumptions in Fairness}, 
      author={Chris Russell and Matt J. Kusner and Joshua R. Loftus and Ricardo Silva},
      year={2017}
}

@misc{fairth2016,
      title={Inherent Trade-Offs in the Fair Determination of Risk Scores}, 
      author={Jon Kleinberg and Sendhil Mullainathan and Manish Raghavan},
      year={2016},
      eprint={1609.05807},
      archivePrefix={arXiv},
      primaryClass={cs.LG}
}

@misc{mcmc2003,
      title={An Introduction to MCMC for Machine Learning}, 
      author={Christophe Andrieu and Nando De Freitas and Arnau Doucet and Michael I. Jordan},
      year={2003},
      journal={Kluwer Academic Publisher}
}

@misc{impossibilityth2021,
      title={The Impossibility Theorem of Machine Fairness -- A Causal Perspective}, 
      author={Kailash Karthik Saravanakumar},
      year={2021},
      eprint={2007.06024},
      archivePrefix={arXiv},
      primaryClass={cs.LG}
}

@book{causality2000,
  address = {Cambridge, UK},
  author = {Judea Pearl},
  isbn = {0521773628},
  language = {american},
  publisher = {Cambridge University Press},
  title = {Causality: Models, Reasoning and Inference},
  year = 2000
}

@misc{lsac1998,
      title={Lsac national longitudinal bar passage study}, 
      author={Linda F. Wightman},
      year={1998},
      journal={LSAC Research Report Series}
}

@book{inferencia2012,
  author = {Ricardo Vélez Ibarrola and Alfonso García Pérez},
  isbn = {8436265777},
  language = {spanish},
  publisher = {UNED},
  title = {Principios de inferencia estadística},
  year = 2012
}

@book{probability2014,
  author = {Amir Dembo},
  isbn = {1502955652},
  publisher = {CreateSpace Independent Publishing Platform},
  language = {american},
  title = {Probability Theory: STAT310/MATH230},
  year = 2014
}

@book{graphtheory2001,
  author = {Chris Godsil and Gordon Royle},
  isbn = {0387952209},
  publisher = {Springer},
  language = {american},
  title = {Algebraic Graph Theory},
  year = 2001
}

@book{random2004,
  author = {Frederick H. Cramer},
  isbn = {0521604869},
  publisher = {Cambridge University Press},
  language = {english},
  title = {Random Variables and Probability Distributions},
  year = 2004
}

@book{pattern2006,
  author = {Christopher M. Bishop},
  isbn = {0387310738},
  publisher = {Springer},
  language = {english},
  title = {Pattern Recognition and Machine Learning},
  year = 2006
}